@article{citacion1,
  title={Dancing humanoid robots: systematic use of OSID to compute dynamically
                  consistent movements following a motion capture pattern},
  author={Ramos, O. and Mansard, N. and Stasse, O. and Hak, S. and Saab, L.},
  journal={IEEE Robotics \& Automation Magazine},
  volume={22},
  number={4},
  pages={16--26},
  year={2015},
  publisher={IEEE}
}
